<?xml version="1.0" encoding="UTF-8"?><collection xmlns="http://www.loc.gov/MARC21/slim"><record><leader>00500nam--2200181-i-4500</leader><controlfield tag="001">000027850</controlfield><controlfield tag="002">20161230</controlfield><controlfield tag="005">20161230201037</controlfield><controlfield tag="008">060222s1000------------r-----000-0-eng-d</controlfield><datafield ind1=" " ind2=" " tag="040"><subfield code="a">IFIN-HH</subfield></datafield><datafield ind1=" " ind2=" " tag="080"><subfield code="a">533.6.011</subfield></datafield><datafield ind1=" " ind2=" " tag="100"><subfield code="a">Vincenti, Walter G</subfield></datafield><datafield ind1="1" ind2="0" tag="245"><subfield code="a">Introduction to physical gas dynamics</subfield><subfield code="c">Walter g. vincenti, charles h. kruger</subfield></datafield><datafield ind1=" " ind2=" " tag="260"><subfield code="a">New York, John Wiley, 1965</subfield></datafield><datafield ind1=" " ind2=" " tag="300"><subfield code="a">XVIII + 538P</subfield></datafield><datafield ind1="1" ind2=" " tag="700"><subfield code="a">Kruger, Charles H</subfield></datafield><datafield ind1=" " ind2=" " tag="852"><subfield code="a">24007</subfield><subfield code="c">533.7</subfield></datafield><datafield ind1=" " ind2=" " tag="CAT"><subfield code="a">Sys</subfield><subfield code="c">20100915</subfield><subfield code="h">121202</subfield></datafield></record></collection>